@misc{characteristic,
	title = {NFLIS-Drug 2017 Annual Report},
	howpublished = {\url{https://www.nflis.deadiversion.usdoj.gov/DesktopModules/ReportDownloads/Reports/NFLIS-Drug-AR2017.pdf}}
}